

@ARTICLE{4065825, 
author={Goto, E.}, 
journal={Proceedings of the IRE}, title={The Parametron, a Digital Computing Element Which Utilizes Parametric Oscillation}, 
year={1959}, 
volume={47}, 
number={8}, 
pages={1304--1316}, 
keywords={}, 
doi={10.1109/JRPROC.1959.287195}, 
}

@INPROCEEDINGS{Takemoto-SmartShadow2013,
  author={Takemoto, Michiharu and Kambayashi, Takashi and Hata, Takahiro and Uchiyama, Kentaro and Umakoshi, Kenji},
  booktitle={2010 10th IEEE/IPSJ International Symposium on Applications and the Internet}, 
  title={Smart Shadow: Platform to Provide Real-World Services in Ubiquitous Environments and Its Applications}, 
  year={2010},
  volume={},
  number={},
  pages={217-220},
  keywords={Home appliances;TV;Sensors;Middleware;Computers;smart environments;ubiquitous computing environments;feature interaction (device confilict and service conflict) distributed agents},
  doi={10.1109/SAINT.2010.48}}

@article{kane_cat,
author="武本, 佳奈絵",
title="私の新刊 「声」からはじまり「声」をとどけています。[『にゃあにゃあたいそう』武本佳奈絵・さく 宮野聡子・え]",
journal="こどもの本",
ISSN="03850463",
publisher="東京 : 日本児童図書出版協会",
year="2024",
month="10",
volume="50",
number="10",
pages="5",
URL="https://cir.nii.ac.jp/crid/1520301839599222784"
}